<collection xmlns="http://www.loc.gov/MARC21/slim"><record><leader>00833nam  2200265   450</leader><controlfield tag="001">385</controlfield><controlfield tag="003">http://montalegre.opacnet.com/OPAC/default.aspx?ContentAreaControl=ShowRegHoldings.ascx&amp;RegNo=16662</controlfield><datafield tag="010" ind1=" " ind2=" "><subfield code="a">972-9013-05-5</subfield></datafield><datafield tag="021" ind1=" " ind2=" "><subfield code="a">PT</subfield><subfield code="b">32952/89</subfield></datafield><datafield tag="095" ind1=" " ind2=" "><subfield code="a">PTBN00250686</subfield></datafield><datafield tag="100" ind1=" " ind2=" "><subfield code="a">19900508d1990    m  y0pory010305  ba</subfield></datafield><datafield tag="101" ind1="1" ind2=" "><subfield code="a">por</subfield><subfield code="c">ita</subfield></datafield><datafield tag="102" ind1=" " ind2=" "><subfield code="a">PT</subfield></datafield><datafield tag="105" ind1=" " ind2=" "><subfield code="a">y   z   000ay</subfield></datafield><datafield tag="106" ind1=" " ind2=" "><subfield code="a">r</subfield></datafield><datafield tag="200" ind1="1" ind2=" "><subfield code="a">Todos os nossos ontens</subfield><subfield code="f">Natalia Ginzburg</subfield><subfield code="g">trad. Anna Alba Caruso</subfield></datafield><datafield tag="210" ind1=" " ind2=" "><subfield code="a">Lisboa</subfield><subfield code="c">Cotovia</subfield><subfield code="d">cop. 1990</subfield></datafield><datafield tag="215" ind1=" " ind2=" "><subfield code="a">332, [3] p.</subfield><subfield code="d">21 cm</subfield></datafield><datafield tag="225" ind1="2" ind2=" "><subfield code="a">Livros Cotovia</subfield></datafield><datafield tag="304" ind1=" " ind2=" "><subfield code="a">Tít. orig. : Tutti i nostri ieri</subfield></datafield><datafield tag="675" ind1=" " ind2=" "><subfield code="a">850-31"19"</subfield><subfield code="v">BN</subfield><subfield code="z">por</subfield></datafield><datafield tag="700" ind1=" " ind2="1"><subfield code="a">Ginzburg</subfield><subfield code="b">Natalia</subfield><subfield code="f">1916-1991</subfield></datafield><datafield tag="702" ind1=" " ind2="1"><subfield code="a">Caruso</subfield><subfield code="b">Ana Alba</subfield><subfield code="4">730</subfield></datafield><datafield tag="801" ind1=" " ind2="0"><subfield code="a">PT</subfield><subfield code="b">Biblioteca Municipal de Montalegre</subfield><subfield code="g">RPC</subfield></datafield><datafield tag="856" ind1=" " ind2=" "><subfield code="u">locateMedia.asp?cod=20060515155525&amp;ext=jpg</subfield><subfield code="z">CAPA</subfield></datafield><datafield tag="909" ind1="&#9;" ind2=" "><subfield code="a">1</subfield></datafield><datafield tag="966" ind1=" " ind2=" "><subfield code="a">0008561</subfield><subfield code="l">BMM</subfield><subfield code="s">SCG 821 GIN tod</subfield></datafield></record></collection>